%%%%%%%%%%%%%%%%%%%%%%%%%%%%%%%%%%%%%%%%%%%%%%%%%%%%%%%%%%%%%%%%%%%%%%%%%%%%%%%
% Es gibt verschiedene Arten von Literatur
% Zur einfachen Erstellung der .bib Datei empfehle ich das Programm JabRef
% JabRef hat eine grafische Oberfläche mit der das erstellen schneller und einfacher geht
%%%%%%%%%%%%%%%%%%%%%%%%%%%%%%%%%%%%%%%%%%%%%%%%%%%%%%%%%%%%%%%%%%%%%%%%%%%%%%%
% Wie zietiere ich im Text???
%
%       \cite{key}          greift auf die Literatur zu ohne extras
%       \cite[siehe davor][siehe danach]{key}  fügt den Text »siehe davor« vor dem Zitat ein und »siehe danach« danach.

% Hier ein paar Beispiele:
@online{DanielFrei,
    author    = {Frei, D.},
    title     = {Umgang mit Konflikten: die Macht der offenen Kommunikation},
    year      = {2023},
    url       = {https://danielfrei.ch/zirkular/umgang-mit-konflikten-die-macht-der-offenen-kommunikation}
}